<?xml version="1.0" encoding="UTF-8"?><collection xmlns="http://www.loc.gov/MARC21/slim"><record><leader>00359nam--2200133-i-4500</leader><controlfield tag="001">000010733</controlfield><controlfield tag="002">20161230</controlfield><controlfield tag="005">20161230201028</controlfield><controlfield tag="008">060222s1000------------r-----000-0-eng-d</controlfield><datafield ind1=" " ind2=" " tag="080"><subfield code="a">546.3:548.4</subfield></datafield><datafield ind1=" " ind2=" " tag="100"><subfield code="a">Bozan, Cornelia Si Asczel, Otto</subfield></datafield><datafield ind1=" " ind2=" " tag="245"><subfield code="a">Dislocatiile si frecarea interna la metale</subfield></datafield><datafield ind1=" " ind2=" " tag="260"><subfield code="a">Timisoara, Editura Facla, 1973 300 P</subfield></datafield><datafield ind1=" " ind2=" " tag="852"><subfield code="a">40601</subfield></datafield></record></collection>